@book{paluszek2015matlab,
  title={MATLAB Recipes}, 
  subtitle={A Problem-Solution Approach},
  author={Paluszek, Michael and Thomas, Stephanie},
  year={2015},
  isbb={978-1-4842-0560-0},
  publisher={Apress, Berkeley, CA},
  doi={10.1007/978-1-4842-0559-4},
  pages={XXIII, 297}
}
@book{trauth2007matlab,
	title={MATLAB recipes for earth sciences},
	author={Trauth, Martin H and Gebbers, Robin and Marwan, Norbert and Sillmann, Elisabeth},
	volume={34},
	year={2007},
	isbn={978-3-030-38443-2},
	publisher={Springer Nature Switzerland AG 2021},
	pages={XII, 517},
	doi={10.1007/978-3-030-38441-8},	
}
@book {MR3243591,
	AUTHOR = {Milton, John and Ohira, Toru},
	TITLE = {Mathematics as a laboratory tool},
	NOTE = {Dynamics, delays and noise},
	PUBLISHER = {Springer, New York},
	YEAR = {2014},
	PAGES = {xxvi+500},
	ISBN = {978-1-4614-9095-1; 978-1-4614-9096-8},
	MRCLASS = {92-01 (37-01 82C31 82Cxx 92-08 92B05 92C30)},
	MRNUMBER = {3243591},
	DOI = {10.1007/978-1-4614-9096-8},
	URL = {https://doi.org/10.1007/978-1-4614-9096-8},
}
@book {MR3601107,
	AUTHOR = {Higham, Desmond J. and Higham, Nicholas J.},
	TITLE = {M{ATLAB} guide},
	NOTE = {Third edition [of  MR1787308]},
	PUBLISHER = {Society for Industrial and Applied Mathematics (SIAM),
	Philadelphia, PA},
	YEAR = {2017},
	PAGES = {xxvi+476},
	ISBN = {978-1-611974-65-2},
	MRCLASS = {65-00 (00A20)},
	MRNUMBER = {3601107},
}