---
---

@article {Viswanath,
    AUTHOR = {Viswanath, Divakar},
     TITLE = {Random {F}ibonacci sequences and the number
              {$1.13198824\ldots$}},
   JOURNAL = {Math. Comp.},
  FJOURNAL = {Mathematics of Computation},
    VOLUME = {69},
      YEAR = {2000},
    NUMBER = {231},
     PAGES = {1131--1155},
      ISSN = {0025-5718},
   MRCLASS = {15A52 (11K55 28A80 60J05)},
  MRNUMBER = {1654010},
MRREVIEWER = {Jean-Paul Allouche},
       DOI = {10.1090/S0025-5718-99-01145-X},
       URL = {https://doi.org/10.1090/S0025-5718-99-01145-X},
}
@book {MR1060528,
    AUTHOR = {Bates, Douglas M. and Watts, Donald G.},
     TITLE = {Nonlinear regression analysis and its applications},
    SERIES = {Wiley Series in Probability and Mathematical Statistics:
              Applied Probability and Statistics},
 PUBLISHER = {John Wiley \& Sons, Inc., New York},
      YEAR = {1988},
     PAGES = {xvi+365},
      ISBN = {0-471-81643-4},
   MRCLASS = {62-01 (62H05 62J02 62J05)},
  MRNUMBER = {1060528},
MRREVIEWER = {Roy T. Saint Laurent},
       DOI = {10.1002/9780470316757},
       URL = {https://doi.org/10.1002/9780470316757},
}
@article{lusseau2003emergent,
  title={The emergent properties of a dolphin social network},
  author={Lusseau, David},
  journal={Proceedings of the Royal Society of London. Series B: Biological Sciences},
  volume={270},
  number={suppl\_2},
  pages={S186--S188},
  year={2003},
  publisher={The Royal Society}
}
@inproceedings{nr,
     title={The Network Data Repository with Interactive Graph Analytics and Visualization},
     author={Ryan A. Rossi and Nesreen K. Ahmed},
     booktitle={AAAI},
     url={https://networkrepository.com},
     year={2015}
}
@article{van2014cooperative,
  title={Cooperative investment in public goods is kin directed in communal nests of social birds},
  author={van Dijk, Rene E and Kaden, Jennifer C and Arg{\"u}elles-Tic{\'o}, Araceli and Dawson, Deborah A and Burke, Terry and Hatchwell, Ben J},
  journal={Ecology letters},
  volume={17},
  number={9},
  pages={1141--1148},
  year={2014},
  publisher={Wiley Online Library}
}
@book {MR2584074,
    AUTHOR = {Hansen, Per Christian},
     TITLE = {Discrete inverse problems},
    SERIES = {Fundamentals of Algorithms},
    VOLUME = {7},
      NOTE = {Insight and algorithms},
 PUBLISHER = {Society for Industrial and Applied Mathematics (SIAM),
              Philadelphia, PA},
      YEAR = {2010},
     PAGES = {xii+213},
      ISBN = {978-0-898716-96-2},
   MRCLASS = {65F22 (65M32 65R32)},
  MRNUMBER = {2584074},
MRREVIEWER = {Rosemary A. Renaut},
       DOI = {10.1137/1.9780898718836},
       URL = {https://doi.org/10.1137/1.9780898718836},
}
@book{doicu2010numerical,
  title={Numerical regularization for atmospheric inverse problems},
  author={Doicu, Adrian and Trautmann, Thomas and Schreier, Franz},
  year={2010},
  publisher={Springer Science \& Business Media}
}
@book{zhdanov2002geophysical,
  title={Geophysical inverse theory and regularization problems},
  author={Zhdanov, Michael S},
  volume={36},
  year={2002},
  publisher={Elsevier}
}
@book{sun2013inverse,
  title={Inverse problems in groundwater modeling},
  author={Sun, Ne-Zheng},
  volume={6},
  year={2013},
  publisher={Springer Science \& Business Media}
}
